@article{egging,
	author = {Egging, Paula and Johnson, Erica},
	title = {{T}riphos: {A}n alternative coordinate system},
	journal = {The Pentagon},
	year = {2015},
	number = {1},
	pages = {16-45},
	volume = {4},
	url = {https://www.kappamuepsilon.org/Pentagon/Vol_75_Num_1_Fall_2015.pdf}
}

@article{grossnickle,
	author = {Grossnickle, Keely and Hollenbeck, Brian and Johnson, Jeana and
	Sun, Zhihao},
	title = {{T}riphos: {A} World Without Subtraction},
	journal = {Mathematics Magazine},
	year = {2019},
	number = {4},
	volume = {92},
	pages = {272-285},
	url = {https://doi.org/10.1080/0025570X.2019.1609293}
}